@article{tomasi1992shape,
  title={Shape and motion from image streams under orthography: a factorization method},
  author={Tomasi, Carlo and Kanade, Takeo},
  journal={International journal of computer vision},
  volume={9},
  number={2},
  pages={137--154},
  year={1992},
  publisher={Springer}
}

@article{rupnik2020towards,
  title={Towards structureless bundle adjustment with two-and three-view structure approximation},
  author={Rupnik, Ewelina and Deseilligny, Marc},
  url={https://hal.archives-ouvertes.fr/hal-02499312},
  year={2020}
}

@inproceedings{roy1998maximum,
  title={A maximum-flow formulation of the n-camera stereo correspondence problem},
  author={Roy, Sebastien and Cox, Ingemar J},
  booktitle={Sixth International Conference on Computer Vision (IEEE Cat. No. 98CH36271)},
  pages={492--499},
  year={1998},
  organization={IEEE}
}

@article{fraser1997digital,
  title={Digital camera self-calibration},
  author={Fraser, Clive S},
  journal={ISPRS Journal of Photogrammetry and Remote sensing},
  volume={52},
  number={4},
  pages={149--159},
  year={1997},
  publisher={Elsevier}
}

@article{penard2006reconstruction,
  title={Reconstruction 3d automatique de fa{\c{c}}ades de batiments en multi-vues},
  author={P{\'e}nard, L and Paparoditis, N and Pierrot-Deseilligny, M},
  journal={Reconnaissance des Formes et Intelligence Artificielle (RFIA)},
  volume={133},
  year={2006}
}
